<?xml version="1.0" encoding="UTF-8"?><record xmlns="http://www.loc.gov/MARC21/slim" xmlns:cinclude="http://apache.org/cocoon/include/1.0" xmlns:zs="http://www.loc.gov/zing/srw/">
  <leader>00755cz  a2200157n  4500</leader>
  <controlfield tag="001">n  82161168 </controlfield>
  <controlfield tag="003">DLC</controlfield>
  <controlfield tag="005">20120731081323.0</controlfield>
  <controlfield tag="008">821208n| acannaab           |a ana      </controlfield>
  <datafield tag="010" ind1=" " ind2=" ">
    <subfield code="a">n  82161168 </subfield>
  </datafield>
  <datafield tag="040" ind1=" " ind2=" ">
    <subfield code="a">DLC</subfield>
    <subfield code="b">eng</subfield>
    <subfield code="c">DLC</subfield>
    <subfield code="d">DLC</subfield>
  </datafield>
  <datafield tag="111" ind1="2" ind2=" ">
    <subfield code="a">Pertemuan Konsultasi Mengenai Pengembangan Penerbitan Pemerintah</subfield>
    <subfield code="d">(1977 :</subfield>
    <subfield code="c">Tugu, Bogor, Indonesia)</subfield>
  </datafield>
  <datafield tag="411" ind1="2" ind2=" ">
    <subfield code="a">Konsultasi Mengenai Pengembangan Penerbitan Pemerintah, Pertemuan</subfield>
  </datafield>
  <datafield tag="411" ind1="2" ind2=" ">
    <subfield code="a">Pengembangan Penerbitan Pemerintah, Pertemuan Konsultasi</subfield>
  </datafield>
  <datafield tag="667" ind1=" " ind2=" ">
    <subfield code="a">THIS 1XX FIELD CANNOT BE USED UNDER RDA UNTIL THIS RECORD HAS BEEN REVIEWED AND/OR UPDATED</subfield>
  </datafield>
  <datafield tag="670" ind1=" " ind2=" ">
    <subfield code="a">Its Hasil-hasil Pertemuan Konsultasi ... 1977?:</subfield>
    <subfield code="b">t.p. (Pertemuan Konsultasi Mengenai Pengembangan Penerbitan Pemerintah, 11/24-25/77 in Tugu, Bogor)</subfield>
  </datafield>
</record>